<?xml version="1.0" encoding="UTF-8"?><collection xmlns="http://www.loc.gov/MARC21/slim"><record><leader>00443nam--2200181-u-4500</leader><controlfield tag="001">000051502</controlfield><controlfield tag="002">20161230</controlfield><controlfield tag="005">20170106164251</controlfield><controlfield tag="008">080724s1000------------r-----000-0-eng-d</controlfield><datafield ind1=" " ind2=" " tag="040"><subfield code="a">IFIN-HH</subfield></datafield><datafield ind1=" " ind2=" " tag="080"><subfield code="a">517.442</subfield></datafield><datafield ind1="1" ind2=" " tag="100"><subfield code="a">Amerbaev, V. M</subfield></datafield><datafield ind1="1" ind2="0" tag="245"><subfield code="a">Chislennyi Analiz Lagerrovskogo Spektra</subfield></datafield><datafield ind1=" " ind2=" " tag="260"><subfield code="a">Alma-Ata</subfield><subfield code="b">Nauka</subfield><subfield code="c">1982</subfield></datafield><datafield ind1=" " ind2=" " tag="300"><subfield code="a">186 p</subfield></datafield><datafield ind1=" " ind2=" " tag="700"><subfield code="a">Utembaev, N. A</subfield></datafield><datafield ind1=" " ind2=" " tag="852"><subfield code="a">70414</subfield><subfield code="c">517.43</subfield></datafield><datafield ind1=" " ind2=" " tag="CAT"><subfield code="a">SYS</subfield><subfield code="c">20170106</subfield><subfield code="h">164251</subfield></datafield></record></collection>